@Misc{morimoto:opcoes-acesso,
  author = 	 {Carlos Eduardo Morimoto},
  title = 	 {Opç\~{o}es de acesso: ADSL, ADSL2+, cabo, BPL e outros},
  url = {http://www.guiadohardware.net/tutoriais/opcoes-acesso/},
  month = 	 {junho},
  year = 	 {2009},
  note = "[Online; acessado em 6 de setembro de 2010]",
}

@misc{ enwiki:modem,
  author = "Wikipedia",
  title = "Modem --- Wikipedia{,} The Free Encyclopedia",
  year = "2010",
  url = "\url{http://en.wikipedia.org/w/index.php?title=Modem&oldid=382729250}",
  note = "[Online; acessado em 6 de setembro de 2010]"
}


@misc{ enwiki:adsl,
  author = "Wikipedia",
  title = "Asymmetric Digital Subscriber Line --- Wikipedia{,} The Free Encyclopedia",
  year = "2010",
  url = "\url{http://en.wikipedia.org/w/index.php?title=Asymmetric_Digital_Subscriber_Line&oldid=381537380}",
  note = "[Online; acessado em 6 de setembro de 2010]"
}

@Misc{abusar:ultima-milha,
 organization = 	 {Associa{\c c}{\~{a}}o Brasileira dos Usu{\'{a}}rios de Acesso R{\'{a}}pido},
 title = 	 {Soluç\~{o}es para a \'{U}ltima Milha},
 url = {\url{http://www.abusar.org.br/solucoes1.htm}},
 note = "[Online; acessado em 6 de setembro de 2010]"
}

@misc{ hsw:dsl,
  author = "Curt Franklin",
  title = "Como funciona a tecnologia DSL",
  url = "\url{http://informatica.hsw.uol.com.br/tecnologia-dsl.htm}",
  note = "[Online; acessado em 6 de setembro de 2010]"
}
 
@misc{ hsw:cable-modem,
  author = "Curt Franklin",
  title = "Como funcionam os modens a cabo",
  url = "\url{http://informatica.hsw.uol.com.br/modem-cabo.htm}",
  note = "[Online; acessado em 6 de setembro de 2010]"
}

@misc{ hsw:t1,
  organization = "HowStuffWorks",
  title = " Como funciona uma linha de transmiss\~{a}o T1?",
  url = "\url{http://informatica.hsw.uol.com.br/questao372.htm}",
  note = "[Online; acessado em 6 de setembro de 2010]"
}

@misc{ enwiki:docsis,
  author = "Wikipedia",
  title = "DOCSIS --- Wikipedia{,} The Free Encyclopedia",
  year = "2010",
  url = "\url{http://en.wikipedia.org/w/index.php?title=DOCSIS&oldid=375753596}",
  note = "[Online; acessado em 6 de setembro de 2010]"
}
