@misc{ wiki:rs232,
  author = "Wikipedia",
  title = "RS-232 --- Wikipedia{,} The Free Encyclopedia",
  year = "2010",
  url = "\url{http://en.wikipedia.org/w/index.php?title=RS-232&oldid=385409815}",
  note = "[Online; acessado em 20 de setembro de 2010]"
}

@misc{ strangio:rs232-standard,
 author = "Christopher E. Strangio",
 title = "The RS232 Standard",
 year = "2006",
 url = "\url{http://www.camiresearch.com/Data_Com_Basics/RS232_standard.html}",
 note = "[Online; acessado em 20 de setembro de 2010]"
}

@misc{ anton:rs232-pinout,
 author = "Ugnich Anton",
 title = "DB9 RS232 Pinout",
 year = "2006",
 url = "\url{http://pinouts.ws/db9-rs232-pinout.html}",
 note = "[Online; acessado em 20 de setembro de 2010]"
}