@Misc{duarte:gerencia_redes,
  author = 	 {Otto Muniz Bandeira Duarte},
  title = 	 {Conceitos Básicos sobre os Protocolos SNMP e CMIP},
  url =      "\url{http://www.gta.ufrj.br/~alexszt/ger/snmpcmip.htm}",
  month = 	 {abril},
  year = 	 {1996},
}

 @misc{ wiki:network_management,
   author = "Wikipedia",
   title = "Network management --- Wikipedia{,} The Free Encyclopedia",
   year = "2010",
   url = "\url{http://en.wikipedia.org/w/index.php?title=Network_management&oldid=386711971}",
 }
 
  @misc{ wiki:gerencia_redes,
   author = "Wikipédia",
   title = "Gerência de redes --- Wikip\'edia{,} a enciclopédia livre",
   year = "2010",
   url = "\url{http://pt.wikipedia.org/w/index.php?title=Ger%C3%AAncia_de_redes&oldid=21383984}",
 }
 
@Misc{ddwrt:snmp,
  organization = 	 {dd-wrt team},
  title = 	 {Simple Network Management Protocol},
  url =      "\url{http://www.dd-wrt.com/wiki/index.php/SNMP}",
  month = 	 {abril},
  year = 	 {2010},
}
 
 @misc{ wiki:snmp,
   author = "Wikipedia",
   title = "Simple Network Management Protocol --- Wikipedia{,} The Free Encyclopedia",
   year = "2010",
   url = "\url{http://en.wikipedia.org/w/index.php?title=Simple_Network_Management_Protocol&oldid=387683301}",
 }
 