@misc{ home-setic,
	organization={Superintend\^encia de Governan{\c c}a Eletr{\^ o}nica e Tecnologia da Informa{\c c}\~ao e
Comunica{\c c}\~ao},
	org-short = {SeTIC},
	title = "SeTIC",
	year = "2010",
	url = "\url{http://setic.ufsc.br/}",
	note = "[Online; acessado em 21 de agosto de 2010]"
}
@misc{ apresentacao-rnp,
	author={Edison Tadeu Lopes Melo},
	title = "RNP – Internet Avançada para Educação e Pesquisa",
	year = "2010",
	url = "\url{http://www.fopropsul.com.br/palestras/RNP.internet.avancada.para.educacao.e.pesquisa.pdf}",
	note = "[Online; acessado em 21 de agosto de 2010]"
}
@misc{ home-rnp,
	organization={Rede Nacional de Ensino e Pesquisa},
	title = "Rede Nacional de Ensino e Pesquisa",
	year = "2010",
	url = "\url{http://www.rnp.br}",
	note = "[Online; acessado em 21 de agosto de 2010]"
}

@misc{ apresentacao-remep,
	author={Edison Tadeu Lopes Melo},
	title = "Consórcio para Rede Metropolitana de Educação e Pesquisa na Grande Florianópolis",
	year = "2010",
	url = "\url{http://www.pop-sc.rnp.br/remep/documentos/tmp/remep-fln-2007-wrnp.pdf}",
	note = "[Online; acessado em 21 de agosto de 2010]"
}
@misc{ ptt-metro,
	organization ={N\'ucleo de Informa{\c c}\~ao e Coordena{\c c}\~ao do Ponto BR},
	title = "PTT Metro",
	year = "2010",
	url = "\url{http://sc.ptt.br/intro.html}",
	note = "[Online; acessado em 21 de agosto de 2010]"
}
@misc{ ptt-participantes,
	organization ={N\'ucleo de Informa{\c c}\~ao e Coordena{\c c}\~ao do Ponto BR},
	title = "PTT Metro",
	year = "2010",
	url = "\url{http://sc.ptt.br/particip.html}",
	note = "[Online; acessado em 21 de agosto de 2010]"
}
@misc{ redeinf-pet,
	organization ={PET Computa{\c c}\~ao},
	title = "RedeINF - Recursos e utilização",
	year = "2009",
	url = "\url{http://pet.inf.ufsc.br/files/RedeINF_Recursos_aos_alunos.pdf}",
	note = "[Online; acessado em 21 de agosto de 2010]"
}