@article{pressman:rivercrossing,
	title = {{The Jealous Husbands and The Missionaries and Cannibals}},
    author = {Pressman, Ian and Singmaster, David},
    citeulike-article-id = {7402431},
    citeulike-linkout-0 = {http://dx.doi.org/10.2307/3619658},
    citeulike-linkout-1 = {http://www.jstor.org/stable/3619658},
    doi = {10.2307/3619658},
    issn = {00255572},
    journal = {The Mathematical Gazette},
    keywords = {games},
    number = {464},
    pages = {73--81},
    posted-at = {2010-07-04 06:09:57},
    priority = {2},
    publisher = {The Mathematical Association},
    url = {\url{http://dx.doi.org/10.2307/3619658}},
    volume = {73},
    year = {1989}
}
