@book{tanenbaum:redes-computadores,
 author = {Tanenbaum, Andrew},
 title = {Redes de Computadores},
 year = {2002},
 isbn = {0130661023},
 edition = {4a},
 publisher = {Elsevier},
}

@misc{ wiki:network-layer,
  author = "Wikipedia",
  title = "Network Layer --- Wikipedia{,} The Free Encyclopedia",
  year = "2010",
  url = "\url{http://en.wikipedia.org/w/index.php?title=Network_Layer&oldid=397520581}",
  note = "[Online; acessado em 21 de novembro de 2010]",
}

@misc{ wiki:internet-layer,
  author = "Wikipedia",
  title = "Internet Layer --- Wikipedia{,} The Free Encyclopedia",
  year = "2010",
  url = "\url{http://en.wikipedia.org/w/index.php?title=Internet_Layer&oldid=377971057}",
  note = "[Online; acessado em 21 de novembro de 2010]",
}
