@article{computing-as-discipline,
author = {Peter J. Denning and Douglas E. Comer and David Gries and Michael C. Mulder and Allen Tucker and A. Joe Turner and Paul R. Young},
title = {Computing as a Discipline},
journal ={Computer},
volume = {22},
issn = {0018-9162},
year = {1989},
pages = {63-70},
doi = {http://doi.ieeecomputersociety.org/10.1109/2.19833},
publisher = {IEEE Computer Society},
address = {Los Alamitos, CA, USA},
}

@Book{osso-ishango,
  author = 	 {Alexander Marshack},
  title = 	 {The Roots of Civilization},
  publisher = 	 {Colonial Hill},
  year = 	 {1991},
  address = {Mount Kisco, NY},
 }
 
 @misc{ babbage-e-ada,
   org-short="DCC-USP",
   organization={Departamento de Ci\^encia da Computa{\c c}\~ao da Universidade de São Paulo},
   title = "Babbage e Ada",
   year = "1995",
   url = "\url{http://www.ime.usp.br/~macmulti/historico/histcomp1_6.html}",
   note = "[Online; acessado em 14 de agosto de 2010]"
 }
 
 @Book{introducao-ilustrada-computacao,
  author = 	 "Larry Gonick and Jilmar Pedro Votre and Eduardo Lamounier Barbieri",
  title = 	 "Introdu{\c c}\~ao Ilustrada a Computa{\c c}\~ao - com muito humor",
  publisher = 	 "Harper \& Row",
  year = 	 "1984"
}

 @misc{ historia-redes-gdh,
   author={Carlos Eduardo Morimoto},
   title = "História das Redes",
   year = "2008",
   url = "\url{http://www.guiadohardware.net/tutoriais/historia-redes/}",
   note = "[Online; acessado em 15 de agosto de 2010]"
 }

 @book{web20-the-machine-is-us,
address={Kansas},
author={Michael Wesch},
publisher={Michael Wesch},
note={1 vídeo (4,5 min), 4x3, colorido.},
title={Web 2.0 ... The Machine is Us/ing Us},
year={2007}}

 @misc{ wiki:computacao-nuvem,
   author = "Wikipédia",
   title = "Computação em nuvem --- Wikipédia{,} a enciclopédia livre",
   year = "2010",
   url = "\url{http://pt.wikipedia.org/w/index.php?title=Computa%C3%A7%C3%A3o_em_nuvem&oldid=21221740}",
   note = "[Online; accessed 15-agosto-2010]"
 }
 
  @misc{ wiki:history-internet,
   author = "Wikipedia",
   title = "History of the Internet --- Wikipedia{,} The Free Encyclopedia",
   year = "2010",
   url = "\url{http://en.wikipedia.org/w/index.php?title=History_of_the_Internet&oldid=376551443}",
   note = "[Online; accessed 15-August-2010]"
 }
 
 @misc{ wiki:historia-computacao,
   author = "Wikipédia",
   title = "História da Computação --- Wikipédia{,} a enciclopédia livre",
   year = "2005",
   url = "\url{http://pt.wikipedia.org/w/index.php?title=Hist%C3%B3ria_da_Computa%C3%A7%C3%A3o&oldid=1001025}",
   note = "[Online; accessed 15-agosto-2010]"
 }

 @misc{ wiki:arpanet,
   author = "Wikipedia",
   title = "ARPANET --- Wikipedia{,} The Free Encyclopedia",
   year = "2010",
   url = "\url{http://en.wikipedia.org/w/index.php?title=ARPANET&oldid=375654934}",
   note = "[Online; accessed 15-August-2010]"
 }
 
  @misc{ wiki:microsoft,
   author = "Wikipedia",
   title = "Microsoft --- Wikipedia{,} The Free Encyclopedia",
   year = "2010",
   url = "\url{http://en.wikipedia.org/w/index.php?title=Microsoft&oldid=379000857}",
   note = "[Online; accessed 15-August-2010]"
 }
