@Misc{hughes:network-simulation-introduction,
  author = 	 {Jack Hughes},
  title = 	 {Network Simulation Introduction},
  url =      {\url{http://www.openxtra.co.uk/articles/network-simulation}},
  month = 	 {fevereiro},
  year = 	 {2009},
}

@TechReport{campos:pratica-gerencia-redes,
  author = 	 {Pedro Paulo Vezzá Campos},
  title = 	 {Prática de Gerência de Redes Usando Ferramenta SNMP},
  institution =  {Universidade Federal de Santa Catarina},
  year = 	 {2010},
  month = 	 {outubro},
}

@Manual{opnet:small-network,
  title = 	 {Tutorial: Small Internetworks},
  organization = {OPNET},
  url =      {\url{http://users.encs.concordia.ca/~h_kassae/comp6461/Lab2/Tutorial_Small_Internetwork.pdf}},
}

@Manual{siddique:wlan-opnet-tutorial,
  title = 	 {WLAN Lab Opnet Tutorial},
  OPTauthor = 	 {Mohammad M. Siddique and Andreas Könsgen},
  OPTyear = 	 {2008},
  url =       {\url{www.comnets.uni-bremen.de/~mms/wlan_lab_script_1_1.pdf}},
}

@misc{ wiki:network-simulation,
  author = "Wikipedia",
  title = "Network simulation --- Wikipedia{,} The Free Encyclopedia",
  year = "2010",
  url = "\url{http://en.wikipedia.org/w/index.php?title=Network_simulation&oldid=382268334}",
  note = "[Online; acessado em 2 de novembro de 2010]"
}
