 @booklet {above-clouds,
	title = {Above the Clouds: A Berkeley View of Cloud Computing},
	number = {UCB/EECS-2009-28},
	year = {2009},
	month = {Feb},
	publisher = {EECS Department, University of California, Berkeley},
	url = {\url{http://www.eecs.berkeley.edu/Pubs/TechRpts/2009/EECS-2009-28.html}},
	author = {Michael Armbrust and Armando Fox and Griffith, Rean and Anthony D. Joseph and Randy Katz and Andy Konwinski and Lee, Gunho and Patterson, David A. and Ariel Rabkin and Ion Stoica and Matei Zaharia}
}

@inproceedings{technical-security-issues,
 author = {Jensen, Meiko and Schwenk, J\"{o}rg and Gruschka, Nils and Iacono, Luigi Lo},
 title = {On Technical Security Issues in Cloud Computing},
 booktitle = {CLOUD '09: Proceedings of the 2009 IEEE International Conference on Cloud Computing},
 year = {2009},
 isbn = {978-0-7695-3840-2},
 pages = {109--116},
 doi = {http://dx.doi.org/10.1109/CLOUD.2009.60},
 publisher = {IEEE Computer Society},
 address = {Washington, DC, USA},
 }

 @TechReport{whats-new-about-cloud-security,
  author = 	 {Yanpei Chen and Vern Paxson and Randy H. Katz},
  title = 	 {What's New About Cloud Computing Security?},
  institution =  {UC Berkley},
  year = 	 {2010},
  OPTmonth = 	 {jan},
}

@inproceedings{eucalyptus-system,
 author = {Nurmi, Daniel and Wolski, Rich and Grzegorczyk, Chris and Obertelli, Graziano and Soman, Sunil and Youseff, Lamia and Zagorodnov, Dmitrii},
 title = {The Eucalyptus Open-Source Cloud-Computing System},
 booktitle = {CCGRID '09: Proceedings of the 2009 9th IEEE/ACM International Symposium on Cluster Computing and the Grid},
 year = {2009},
 isbn = {978-0-7695-3622-4},
 pages = {124--131},
 doi = {http://dx.doi.org/10.1109/CCGRID.2009.93},
 publisher = {IEEE Computer Society},
 address = {Washington, DC, USA},
 }

@article{towards-cloud-definition,
 author = {Vaquero, Luis M. and Rodero-Merino, Luis and Caceres, Juan and Lindner, Maik},
 title = {A break in the clouds: towards a cloud definition},
 journal = {SIGCOMM Comput. Commun. Rev.},
 volume = {39},
 number = {1},
 year = {2009},
 issn = {0146-4833},
 pages = {50--55},
 doi = {http://doi.acm.org/10.1145/1496091.1496100},
 publisher = {ACM},
 address = {New York, NY, USA},
 }

@inproceeding{cloud-computing-grid-computing-compared,
author={Foster, I. and Yong Zhao and Raicu, I. and Lu, S.},
journal={Grid Computing Environments Workshop, 2008. GCE '08},
title={Cloud Computing and Grid Computing 360-Degree Compared},
year={2008},
month={nov.},
pages={1 -10},
keywords={cloud computing;cluster computing;distributed system;grid computing;utility computing;grid computing;},
doi={10.1109/GCE.2008.4738445},
}

@inproceedings{cloud-issues-research-implementations,
author={Vouk, M.A.},
booktitle={Information Technology Interfaces, 2008. ITI 2008. 30th International Conference on},
title={Cloud computing - Issues, research and implementations},
year={2008},
month={jun.},
pages={31 -40},
keywords={Web services;cloud computing;distributed computing;service oriented architecture;utility computing;Web services;grid computing;software architecture;virtual reality;},
doi={10.1109/ITI.2008.4588381},
ISSN={1330-1012}
}
 @ARTICLE{case-for-cloud-computing,
author={Grossman, R.L.},
journal={IT Professional},
title={The Case for Cloud Computing},
year={2009},
month={mar.},
volume={11},
number={2},
pages={23 -27},
keywords={Internet;cloud computing;data center;distributed computer cluster;on-demand resource;on-demand service;Internet;},
doi={10.1109/MITP.2009.40},
ISSN={1520-9202},}
 
 @inproceedings{market-oriented-cloud-hype-reality,
author={Buyya, R. and Chee Shin Yeo and Venugopal, S.},
booktitle={High Performance Computing and Communications, 2008. HPCC '08. 10th IEEE International Conference on},
title={Market-Oriented Cloud Computing: Vision, Hype, and Reality for Delivering IT Services as Computing Utilities},
year={2008},
month={sep.},
pages={5 -13},
keywords={3rd generation Aneka enterprise grid technology;IT service delivery;SLA-oriented resource allocation;Web service;computational risk management;computing utility;customer-driven service management;market-oriented cloud computing;resource management strategy;Web services;customer services;grid computing;marketing data processing;resource allocation;risk management;},
doi={10.1109/HPCC.2008.172}
}
 
 @inproceedings{controlling-data-in-cloud,
 author = {Chow, Richard and Golle, Philippe and Jakobsson, Markus and Shi, Elaine and Staddon, Jessica and Masuoka, Ryusuke and Molina, Jesus},
 title = {Controlling data in the cloud: outsourcing computation without outsourcing control},
 booktitle = {CCSW '09: Proceedings of the 2009 ACM workshop on Cloud computing security},
 year = {2009},
 isbn = {978-1-60558-784-4},
 pages = {85--90},
 location = {Chicago, Illinois, USA},
 doi = {http://doi.acm.org/10.1145/1655008.1655020},
 publisher = {ACM},
 address = {New York, NY, USA},
 }

 @inproceedings{ensuring-data-storage-security,
author={Cong Wang and Qian Wang and Kui Ren and Wenjing Lou},
booktitle={Quality of Service, 2009. IWQoS. 17th International Workshop on}, 
title={Ensuring data storage security in Cloud Computing},
year={2009},
month={jul.},
pages={1 -9},
keywords={Byzantine failure;IT enterprise;cloud computing;cloud data storage security;data error localization;data management;data modification attack;databases;erasure-coded data distributed verification;flexible distributed scheme;homomorphic token;large data center;next-generation architecture;quality of service;server colluding attack;storage correctness insurance;Internet;matrix algebra;quality of service;security of data;storage management;},
doi={10.1109/IWQoS.2009.5201385},
ISSN={1548-615X},}
 
 @inproceedings{new-network-security-cloud,
author={Weili Huang and Jian Yang},
booktitle={Education Technology and Computer Science (ETCS), 2010 Second International Workshop on},
title={New Network Security Based on Cloud Computing},
year={2010},
month={mar.},
volume={3},
pages={604 -609},
keywords={cloud architecture;cloud computing;cloud firewall technology;network security;virtualization technology;Internet;authorisation;computer network security;},
doi={10.1109/ETCS.2010.491}}


@Misc{stallman-cloud,
  author = 	 {Bobbie Johnson},
  title = 	 {Cloud computing is a trap, warns GNU founder Richard Stallman},
  day   =    {29},
  month = 	 {setembro},
  year = 	 {2009},
  url =      {\url{http://www.guardian.co.uk/technology/2008/sep/29/cloud.computing.richard.stallman}}
}

@inproceedings{hey-you-get-off-of-my-cloud,
 author = {Ristenpart, Thomas and Tromer, Eran and Shacham, Hovav and Savage, Stefan},
 title = {Hey, you, get off of my cloud: exploring information leakage in third-party compute clouds},
 booktitle = {Proceedings of the 16th ACM conference on Computer and communications security},
 series = {CCS '09},
 year = {2009},
 isbn = {978-1-60558-894-0},
 location = {Chicago, Illinois, USA},
 pages = {199--212},
 numpages = {14},
 url = {http://doi.acm.org/10.1145/1653662.1653687},
 doi = {http://doi.acm.org/10.1145/1653662.1653687},
 acmid = {1653687},
 publisher = {ACM},
 address = {New York, NY, USA},
 keywords = {cloud computing, side channels, virtual machine security},
}

@Misc{nist-definition-cloud-computing,
  OPTkey = 	 {},
  author = 	 {Mell, P. and Grance, T.},
  title = 	 {The NIST Definition of Cloud Computing.},
  organization = {National Institute of Standards and Technology, Information Technology Laboratory},
  year = 	 {2009},
}